<record><leader>00000cas a2200000 a 4500</leader><controlfield tag="001">33477321</controlfield><controlfield tag="008">951114d18991917scuwr ne      0    0eng c</controlfield><datafield ind1=" " ind2=" " tag="010"><subfield code="a">sn 95077206 </subfield></datafield><datafield ind1=" " ind2=" " tag="040"><subfield code="a">SUC</subfield><subfield code="b">eng</subfield><subfield code="c">SUC</subfield><subfield code="d">OCLCQ</subfield><subfield code="d">SUC</subfield><subfield code="d">OCLCF</subfield></datafield><datafield ind1=" " ind2=" " tag="042"><subfield code="a">pcc</subfield></datafield><datafield ind1=" " ind2=" " tag="043"><subfield code="a">n-us-sc</subfield></datafield><datafield ind1="0" ind2="4" tag="245"><subfield code="a">The echo and press.</subfield></datafield><datafield ind1=" " ind2=" " tag="260"><subfield code="a">Monck's Corner, S.C. :</subfield><subfield code="b">W.N. Faulling</subfield></datafield><datafield ind1=" " ind2=" " tag="300"><subfield code="a">v.</subfield></datafield><datafield ind1=" " ind2=" " tag="310"><subfield code="a">Weekly</subfield></datafield><datafield ind1="1" ind2=" " tag="362"><subfield code="a">Began in 1899; ceased in 1917?</subfield><subfield code="z">Cf. Moore, South Carolina newspapers.</subfield></datafield><datafield ind1=" " ind2=" " tag="588"><subfield code="a">Description based on: Vol. 12, no. 50 (Sept. 23, 1909).</subfield></datafield><datafield ind1=" " ind2=" " tag="588"><subfield code="a">Latest issue consulted: Sept. 29, 1910.</subfield></datafield><datafield ind1=" " ind2="0" tag="651"><subfield code="a">Berkeley County (S.C.)</subfield><subfield code="v">Newspapers.</subfield></datafield><datafield ind1=" " ind2="7" tag="655"><subfield code="a">Newspapers.</subfield><subfield code="2">fast</subfield><subfield code="0">(OCoLC)fst01423814</subfield></datafield><datafield ind1=" " ind2="7" tag="651"><subfield code="a">South Carolina</subfield><subfield code="z">Berkeley County.</subfield><subfield code="2">fast</subfield><subfield code="0">(OCoLC)fst01209604</subfield></datafield><datafield ind1=" " ind2=" " tag="752"><subfield code="a">United States</subfield><subfield code="b">South Carolina</subfield><subfield code="c">Berkeley</subfield><subfield code="d">Moncks Corner.</subfield></datafield><datafield ind1="0" ind2="4" tag="780"><subfield code="t">Berkeley echo</subfield></datafield><datafield ind1="0" ind2="4" tag="780"><subfield code="t">Berkeley free press</subfield></datafield></record>